@ARTICLE{pyanykh14,
author = {Пьяных, А. И.},
title = {Об одной модификации модели биржевых торгов с инсайдером},
journal = {Математическая теория игр и её приложения},
year = {2014},
volume = {6},
number = {5},
pages = {68--84},
language = {russian},
}

@ARTICLE{pyanykh16:discr:ru,
author = {Пьяных, А. И.},
title = {Многошаговая модель биржевых торгов с асимметричной информацией и элементами переговоров},
journal = {Вестник Московского университета. Серия~15. Вычислительная математика и кибернетика},
year = {2016},
number = {1},
pages = {34--40},
language = {russian},
}

@ARTICLE{pyanykh16:cont,
author = {Пьяных, А. И.},
title = {О модификации многошаговой модели биржевых торгов с непрерывными ставками и асимметричной информацией},
journal = {Математическая теория игр и её приложения},
year = {2016},
volume = {\todo{?}},
number = {\todo{?}},
pages = {\todo{??--??}},
language = {russian},
}

@ARTICLE{pyanykh16:countable,
author = {Пьяных, А. И.},
title = {Многошаговая модель биржевых торгов с элементами переговоров и счетным множеством состояний},
journal = {Управление большими системами},
year = {2016},
volume = {\todo{?}},
number = {\todo{?}},
pages = {\todo{??--??}},
language = {russian},
}

