@Comment @ARTICLE{pyanykh16:discr:eng,
@Comment author = {P'yanykh, A. I.},
@Comment title = {A Multistage exchange trading model with asymmetric information and elements of bargaining},
@Comment journal = {Moscow University Computational Mathematics and Cybernetics},
@Comment year = {2016},
@Comment volume = {40},
@Comment number = {1},
@Comment pages = {35-40},
@Comment language = {english},
@Comment }