@inproceedings{pyanykh:tikhon2014,
author = {Пьяных, А. И.},
title = {Об одной модификации биржевой игры с инсайдером},
booktitle = {Тихоновские чтения: Научная конференция, Москва, МГУ имени М.В.
                  Ломоносова, 27-31 октября 2014г.: Тезисы докладов},
address = {М.},
publisher = {МАКС Пресс},
pages = {65--65},
year = {2014},
language = {russian},
}

@inproceedings{pyanykh:lomonosov2016,
author = {Пьяных, А. И.},
title = {О модификации многошаговой модели биржевых торгов с непрерывными ставками},
booktitle = {Ломоносовские чтения: Научная конференция, Москва, факультет ВМК МГУ имени М.В. Ломоносова, 18--27 апреля 2016г.: Тезисы докладов},
address = {М.},
publisher = {Издательский отдел факультета ВМиК МГУ (лицензия ИД 05899 от 24.09.2001); МАКС Пресс},
pages = {53--54},
year = {2016},
language = {russian},
}