
@BOOK{gelfond12,
author = {Гельфонд, А. О.},
title = {Исчисление конечных разностей},
address = {М.},
publisher = {Книжный дом <<Либроком>>},
year = {2012},
language = {russian},
}

@BOOK{samarsky89,
author = {Самарский, А. А. and Гулин, А. В.},
title = {Численные методы},
address = {М.},
publisher = {Наука},
year = {1989},
language = {russian},
}

@BOOK{aumann95,
author = {Aumann, R. J. and Maschler, M. B.},
title = {Repeated games with Incomplete Information},
address = {Cambridge, Mass.},
publisher = {The MIT Press},
year = {1995},
language = {english},
}

@BOOK{rockafellar73,
author = {Рокафеллар, Р.},
title = {Выпуклый анализ},
address = {М.},
publisher = {Мир},
year = {1973},
language = {russian},
}

@BOOK{shiryaev11,
author = {Ширяев, А. Н.},
title = {Вероятность: В 2-х кн.},
address = {М.},
publisher = {МЦНМО},
year = {2011},
edition = {5},
volume = {1},
language = {russian},
}

@BOOK{karlin64,
author = {Карлин, С.},
title = {Математические методы в теории игр, программировании и экономике},
address = {М.},
publisher = {Мир},
year = {1964},
language = {russian},
}

@BOOK{elsgolc69,
author = {Эльсгольц, Л. Э.},
title = {Дифференциальные уравнения и вариационное исчисление},
address = {М.},
publisher = {Наука},
year = {1969},
edition = {2},
language = {russian},
}

@BOOK{morozov08,
author = {Васин, А. А. and Красощеков, П. С. and Морозов, В. В.},
title = {Исследование операций},
address = {М.},
publisher = {Издательский центр <<Академия>>},
year = {2008},
language = {russian},
}

@BOOK{mazalov12,
author = {Мазалов, В. В. and Менчер, А. Э. and Токарева, Ю. С.},
title = {Переговоры. Математическая теория},
address = {СПб.},
publisher = {Издательство <<Лань>>},
year = {2012},
language = {russian},
}

@BOOK{kolmogorov-fomin,
author = {Колмогоров, А. Н. and Фомин, С. В.},
title = {Элементы теории функций и функционального анализа},
address = {М.},
publisher = {Наука},
year = {1976},
language = {russian},
}

@BOOK{mertens15,
author = {Mertens, J. F. and Sorin, S. and Zamir, S.},
title = {Repeated games},
address = {Cambridge},
publisher = {Cambridge University Press},
year = {2015},
language = {english},
}

@BOOK{polovinkin04,
author = {Половинкин, Е.С. and Балашов, М.В.},
title = {Элементы выпуклого и сильно выпуклого анализа},
address = {М.},
publisher = {ФИЗМАТЛИТ},
year = {2004},
language = {russian},
}

@ARTICLE{kreps09,
author = {Крепс, В. Л.},
title = {Повторяющиеся игры, моделирующие биржевые торги, и возвратные последовательности},
journal = {Изв. РАН. Теория и системы управления},
year = {2009},
number = {4},
pages = {109--120},
language = {russian},
}

@ARTICLE{sandomirskaya12,
author = {Сандомирская, М. С. and Доманский, В. К.},
title = {Решение одношаговой игры биржевых торгов с неполной информацией},
journal = {Математическая теория игр и её приложения},
year = {2012},
volume = {4},
number = {1},
pages = {32--54},
language = {russian},
}

@ARTICLE{sandomirskaya14,
author = {Сандомирская, М. С.},
title = {Теоретико-игровая динамическая модель инсайдерских торгов с ненулевым спрэдом},
journal = {Управление большими системами},
year = {2014},
volume = {49},
pages = {207--234},
language = {russian},
}

@PHDTHESIS{phd:sandomirskaya,
author = {Сандомирская, М. С.},
title = {Теоретико"=игровое моделирование биржевых торгов},
school = {Федеральное государственное бюджетное учреждение науки Санкт"=Петербургский экономико"=математический институт Российской академии наук},
year = {2013},
address = {Спб.},
language = {russian},
}

@ARTICLE{domansky07,
author = {Domansky, V.},
title = {Repeated games with asymmetric information and random price fluctuations at finance markets},
journal = {International Journal of Game Theory},
year = {2007},
volume = {36},
number = {2},
pages = {241--257},
language = {english},
}

@ARTICLE{domansky13,
author = {Domansky, V. and Kreps, V.},
title = {Repeated games with asymmetric information modeling financial markets with two risky assets},
journal = {RAIRO "--- Operations Research},
year = {2013},
volume = {47},
pages = {251--272},
language = {english},
}

@ARTICLE{domansky14,
author = {Доманский, В. К. and Крепс, В. Л.},
title = {Игры торгов несколькими активами},
journal = {Математическая Теория Игр и её Приложения},
year = {2014},
volume = {6},
number = {3},
pages = {32--53},
language = {russian},
}

@ARTICLE{domansky11,
author = {Доманский, В. К. and Крепс, В. Л.},
title = {Теоретико-игровая модель биржевых торгов: стратегические аспекты формирования цен на фондовых рынках},
journal = {Журнал Новой экономический ассоциации},
year = {2011},
volume = {11},
pages = {39--62},
language = {russian},
}

@ARTICLE{demeyer02,
author = {De Meyer, B and Saley, H.},
title = {On the strategic origin of Brownian motion in finance},
journal = {International Journal of Game Theory},
year = {2002},
volume = {31},
number = {2},
pages = {285--319},
language = {english},
}

@ARTICLE{demeyer10,
author = {De Meyer, B.},
title = {Price dynamics on a stock market with asymmetric information},
journal = {Games and Economic Behavior},
year = {2010},
volume = {69},
pages = {42--71},
language = {english},
}

@ARTICLE{demeyer05,
author = {Marino, A. and De Meyer, B.},
title = {Continuous versus Discrete Market Games},
journal = {Cowles Foundation Discussion Paper No. 1535},
year = {2005},
language = {english},
}

@UNPUBLISHED{demeyer02c,
author = {De Meyer, B. and Saley, H},
title = {A model of games with a continuum of states of nature},
note = {Pr\'{e}publication de l'Institut Ellie Cartan, Nancy},
year = {2002},
language = {english},
}

@ARTICLE{gensbittel15,
author = {Gensbittel, F.},
title = {Extensions of Cav(u) theorem for repeated games with one-side information},
journal = {Mathematics of Operations Research},
year = {2015},
volume = {40},
number = {1},
pages = {80--104},
language = {english},
}

@ARTICLE{chatterjee83,
author = {Chatterjee, K. and Samuelson, W.},
title = {Bargaining under Incomplete Information},
journal = {Operations Research},
year = {1983},
volume = {31},
number = {5},
pages = {835--851},
language = {english},
}

@ARTICLE{myerson83,
author = {Myerson, R. B. and Satterthwaite, M. A.},
title = {Efficient Mechanisms for Bilateral Trading},
journal = {Journal of Economic Theory},
year = {1983},
volume = {29},
pages = {265--281},
language = {english},
}

@ARTICLE{bachelier1900,
author = {Bachelier, L.},
title = {Th\'{e}orie de la sp\'{e}culation},
journal = {Annales scientifiques de l'\'{E}cole Normale Sup\'{e}rieure, S\'{e}r. 3},
year = {1900},
volume = {17},
pages = {21--86},
language = {english},
}

@ARTICLE{black73,
author = {Black, F and Scholes, M},
title = {The pricing of options and corporate liabilities},
journal = {Journal of Political Economy},
year = {1973},
volue = {81},
pages = {637--659},
language = {english},
}

@ARTICLE{kyle85,
author = {Kyle, A. S.},
title = {Continuous Auctions and Insider Trading},
journal = {Econometrica},
year = {1985},
volume = {53},
pages = {1315--1335},
language = {english},
}


@ARTICLE{harsanyi67,
author = {Harsanyi, J. C.},
title = {Games with incomplete information played by Bayesian players. Parts I, II, III},
journal = {Management Science},
year = {1967--8},
volume = {14},
pages = {159--182, 320--334, 486--502},
language = {english},
}

@ARTICLE{mertens71,
author = {Mertens, J. F. and Zamir, S.},
title = {The value of two-person zero-sum repeated games with lack of information on both sides},
journal = {International Journal of Game Theory},
year = {1971},
volume = {1},
pages = {39--64},
language = {english},
}

@ARTICLE{kohlberg75,
author = {Kohlberg, E.},
title = {Optimal strategies in repeated games with incomplete information},
journal = {International Journal of Game Theory},
year = {1975},
volume = {4},
number = {1},
pages = {7--24},
language = {english},
}

@ARTICLE{zamir71,
author = {Zamir, Shmuel},
title = {On the relation between finitely and infinitely repeated games with incomplete information},
journal = {International Journal of Game Theory},
year = {1971},
volume = {1},
number = {1},
pages = {179--198},
language = {english},
}

@ARTICLE{mertens76,
author = {Mertens, J.-F. and Zamir, S.},
title = {The normal distribution and repeated games},
journal = {International Journal of Game Theory},
year = {1976},
volume = {5},
number = {4},
pages = {187--197},
language = {english},
}

@ARTICLE{mertens77,
author = {Mertens, Jean-Francois and Zamir, Shmuel},
title = {The maximal variation of a bounded martingale},
journal = {Israel Journal of Mathematics},
year = {1977},
volume = {27},
number = {3},
pages = {252--276},
language = {english},
}

@ARTICLE{heuer91,
author = {Heuer, M.},
title = {Optimal strategies for the uninformed player},
journal = {International Journal of Game Theory},
year = {1991},
volume = {20},
number = {1},
pages = {33--51},
language = {english},
}

@ARTICLE{domansky94,
author = {Domansky, Victor C. and Kreps, Victoria L.},
title = {``Eventually revealing'' repeated games with incomplete information},
journal = {International Journal of Game Theory},
year = {1994},
volume = {23},
number = {2},
pages = {89--99},
language = {english},
}

@ARTICLE{domansky95,
author = {Domansky, Victor and Kreps, Victoria},
title = {Repeated games and multinomial distributions},
journal = {Zeitschrift f{\"u}r Operations Research},
year = {1995},
volume = {42},
number = {3},
pages = {275--293},
language = {english},
}

@ARTICLE{domansky99,
author = {Domansky, Victor and Kreps, Victoria},
title = {Repeated games with incomplete information and transportation problems},
journal = {Mathematical Methods of Operations Research},
year = {1999},
volume = {49},
number = {2},
pages = {283--298},
language = {english},
}

@ARTICLE{mertens77,
author = { Mertens, Jean François and Zamir, Shmuel },
title = { A duality theorem on a pair of simultaneous functional equations },
journal = { Journal of Mathematical Analysis and Applications },
volume = { 60 },
number = { 2 },
pages = { 550 - 558 },
year = { 1977 },
language = {english},
}

@ARTICLE{sorin84,
author = { Sorin, S. },
title = { On a pair of simultaneous functional equations },
journal = { Journal of Mathematical Analysis and Applications },
volume = { 98 },
number = { 1 },
pages = { 296 - 303 },
year = { 1984 },
language = {english},
}

@ARTICLE{hart85,
 author = {Hart, Sergiu},
 journal = {Mathematics of Operations Research},
 number = {1},
 pages = {117-153},
 publisher = {INFORMS},
 title = {Nonzero-Sum Two-Person Repeated Games with Incomplete Information},
 volume = {10},
 year = {1985},
 language = {english},
}

@ARTICLE{aumann86,
author = { Aumann, Robert J. and Hart, Sergiu },
title = { Bi-convexity and bi-martingales },
journal = { Israel Journal of Mathematics },
year = { 1986 },
volume = { 54 },
number = { 2 },
pages = { 159--180 },
language = {english},
}

@ARTICLE{sorin83,
author = { Sorin, S. },
title = { Some results on the existence of Nash equilibria for non-zero sum games with incomplete information },
journal = { International Journal of Game Theory },
year = { 1983 },
volume = { 12 },
number = { 4 },
pages = { 193--205 },
language = {english},
}

@ARTICLE{back95,
 author = {Back, Kerry},
 journal = {The Review of Financial Studies},
 number = {3},
 pages = {387-409},
 publisher = {Oxford University Press, Society for Financial Studies},
 title = {Insider Trading in Continuous Time},
 volume = {5},
 year = {1992},
 language = {english},
}

@ARTICLE{subrahmanyam91,
author = {Subrahmanyam, Avanidhar}, 
title = {Risk Aversion, Market Liquidity, and Price Efficiency},
volume = {4}, 
number = {3}, 
pages = {417-441}, 
year = {1991}, 
journal = {Review of Financial Studies},
language = {english},
}

@INCOLLECTION{r:aumann66,
author = {Aumann, R. J. and Maschler, M.},
title = {Game theoretic aspects of gradual disarmament},
booktitle = {Report of the U.S. Arms Control and Disarmament Agency ST-80},
year = {1966},
address = {Washington, D.C.},
chapter = {V},
pages = {V1--V55},
language = {english},
}

@INCOLLECTION{r:aumann67,
author = {Aumann, R. J. and Maschler, M.},
title = {Repeated games with incomplete information: a survey of recent results},
booktitle = {Report of the U.S. Arms Control and Disarmament Agency ST-116},
year = {1966},
address = {Washington, D.C.},
chapter = {III},
pages = {287--403},
language = {english},
}

@INCOLLECTION{r:aumann68a,
author = {Aumann, R. J. and Maschler, M.},
title = {Repeated games of incomplete information: the zero-sum extensive case},
booktitle = {Report of the U.S. Arms Control and Disarmament Agency ST-143},
year = {1966},
address = {Washington, D.C.},
chapter = {III},
pages = {37--116},
language = {english},
}

@INCOLLECTION{r:aumann68b,
author = {Aumann, R. J. and Maschler, M. and Stearns, R. E.},
title = {Repeated games of incomplete information: an approach to the non-zero sum case},
booktitle = {Report of the U.S. Arms Control and Disarmament Agency ST-143},
year = {1966},
address = {Washington, D.C.},
chapter = {IV},
pages = {117--216},
language = {english},
}

@INCOLLECTION{r:stearns67,
author = {Stearns, R.},
title = {A formal information concept for games with incomplete information},
booktitle = {Report of the U.S. Arms Control and Disarmament Agency ST-116},
year = {1966},
address = {Washington, D.C.},
chapter = {IV},
pages = {405--433},
language = {english},
}

@INPROCEEDINGS{domansky08,
  author = {Доманский, В.К. and Крепс, В.Л.},
  title = {Многошаговые торги акциями и повторяющиеся игры $N$ лиц с неполной информацией},
  booktitle = {Теория вероятностей, случайные процессы, математическая статистика и приложения. Труды международной научной конференции},
  pages = {82--88},
  publisher = {<<Издательский центр БГУ>>},
  year = {2008},
  address = {Минск},
  language = {russian},
}

@TECHREPORT{demeyer15,
  author = {De Meyer, B. and Fournier, G.},
  title = {Price dynamics on a risk averse market with asymmetric information},
  year = 2015,
  month = Jun,
  institution = {Université Panthéon-Sorbonne (Paris 1), Centre d'Economie de la Sorbonne},
  type = {Documents de travail du Centre d'Economie de la Sorbonne},
  language = {english},
}